
@inproceedings{BrittanyJohnson,
	doi = {10.1109/icse.2013.6606613},
	url = {https://doi.org/10.1109%2Ficse.2013.6606613},
	year = 2013,
	month = {may},
	publisher = {{IEEE}},
	author = {Brittany Johnson and Yoonki Song and Emerson Murphy-Hill and Robert Bowdidge},
	title = {Why don{\textquotesingle}t software developers use static analysis tools to find bugs?}
}


@article{LisaNguyen,
  doi = {10.1109/tse.2020.3004525},
  url = {https://doi.org/10.1109/tse.2020.3004525},
  year = {2020},
  publisher = {Institute of Electrical and Electronics Engineers ({IEEE})},
  pages = {1--1},
  author = {Lisa Nguyen Quang Do and James Wright and Karim Ali},
  title = {Why Do Software Developers Use Static Analysis Tools? A User-Centered Study of Developer Needs and Motivations}
}

